@inproceedings{rmmhd-dls-2020,
  author       = {Ingkarat Rak{-}amnouykit and Daniel McCrevan and Ana L. Milanova and Martin Hirzel and Julian Dolby},
  title        = {{Python 3} types in the wild: a tale of two type systems},
  booktitle    = {{DLS}},
  pages        = {57--70},
  publisher    = {{ACM}},
  doi          = {10.1145/3426422.3426981},
  year         = {2020}
}

@inproceedings{bm-msr-2022,
  author       = {Justus Bogner and Manuel Merkel},
  title        = {To Type or Not to Type? {A} Systematic Comparison of the Software Quality of {JavaScript} and {TypeScript} Applications on {GitHub}},
  booktitle    = {{MSR}},
  pages        = {658--669},
  publisher    = {{ACM}},
  doi          = {10.1145/3524842.3528454},
  year         = {2022}
}

@inproceedings{ymh-msr-2022,
  author       = {Yi Yang and Ana L. Milanova and Martin Hirzel},
  title        = {Complex Python Features in the Wild},
  booktitle    = {{MSR}},
  pages        = {282--293},
  publisher    = {{ACM}},
  doi          = {10.1145/3524842.3528467},
  year         = {2022}
}

@article{lgmvpk-pj-2023,
  author={Kuang-Chen Lu and Ben Greenman and Carl Meyer and Dino Viehland and Aniket Panse and Shriram Krishnamurthi},
  title={Gradual Soundness: Lessons from Static Python},
  journal={{Programming}},
  volume={7},
  number={1},
  pages={2:1--2:40},
  year={2023}
}

@inproceedings{tfffgksst-snapl-2017,
  author={Sam Tobin--Hochstadt and Matthias Felleisen and Robert Bruce Findler and Matthew Flatt and Ben Greenman and Andrew M. Kent and Vincent St-Amour and T. Stephen Strickland and Asumu Takikawa},
  title={Migratory Typing: Ten years later},
    doi       = {10.4230/LIPIcs.SNAPL.2017.17},
  booktitle={{SNAPL}},
  pages="17:1--17:17",
  year=2017
}

@inproceedings{agcsts-ecoop-2016,
  author       = {Esben Andreasen and Colin S. Gordon and Satish Chandra and Manu Sridharan and Frank Tip and Koushik Sen},
  title        = {{Trace Typing}: An Approach for Evaluating Retrofitted Type Systems},
  booktitle    = {{ECOOP}},
  volume       = {56},
  pages        = {1:1--1:26},
  publisher    = {Schloss Dagstuhl},
  doi          = {10.4230/LIPICS.ECOOP.2016.1},
  year         = {2016}
}

@article{tgkv-oopsla-2020,
  author       = {Alexi Turcotte and Aviral Goel and Filip Krikava and Jan Vitek},
  title        = {Designing types for {R}, empirically},
  journal      = {{PACMPL}},
  volume       = {4},
  number       = {{OOPSLA}},
  pages        = {181:1--181:25},
  doi          = {10.1145/3428249},
  year         = {2020}
}

@inproceedings{jzdfl-ase-2021,
  author={Jin, Wuxia and Zhong, Dinghong and Ding, Zifan and Fan, Ming and Liu, Ting},
  booktitle={{ASE}}, 
  title={Where to Start: Studying Type Annotation Practices in {Python}},
  year={2021},
  pages={529--541},
  doi={10.1109/ASE51524.2021.9678947}}

@article{kcvm-ieee-2022,
  author={Khan, Faizan and Chen, Boqi and Varro, Daniel and McIntosh, Shane},
  journal={IEEE Transactions on Software Engineering}, 
  title={An Empirical Study of Type-Related Defects in Python Projects}, 
  year={2022},
  volume={48},
  number={8},
  pages={3145--3158},
  doi={10.1109/TSE.2021.3082068}
}

@inproceedings{gbb-icse-2017,
  author={Gao, Zheng and Bird, Christian and Barr, Earl T.},
  booktitle={{ICSE}}, 
  title={To Type or Not to Type: Quantifying Detectable Bugs in JavaScript}, 
  year={2017},
  pages={758--769},
  doi={10.1109/ICSE.2017.75}}

@inproceedings{lhwp-saner-2023,
  author={Lin, Xinrong and Hua, Baojian and Wang, Yang and Pan, Zhizhong},
  booktitle={{SANER}},
  title={Towards a Large-Scale Empirical Study of Python Static Type Annotations}, 
  year={2023},
  pages={414--425},
  doi={10.1109/SANER56733.2023.00046}}

@inproceedings{xcsglzx-icpc-2023,
  author={Xu, Wenjie and Chen, Lin and Su, Chenghao and Guo, Yimeng and Li, Yanhui and Zhou, Yuming and Xu, Baowen},
  booktitle={{ICPC}},
  title={How Well Static Type Checkers Work with Gradual Typing? A Case Study on Python}, 
  year={2023},
  pages={242-253},
  doi={10.1109/ICPC58990.2023.00039}
}

@inproceedings{dsf-plateau-2009,
  author = {Mark T. Daly and Vibha Sazawal and Jeffrey S. Foster},
  title = {Work In Progress: an Empirical Study of Static Typing in {Ruby}},
  booktitle = {{PLATEAU}},
  year = {2009},
  url = {https://www.cs.tufts.edu/~jfoster/papers/plateau09-ruby.pdf},
  note = {Accessed 2024-07-07}
}

@article{bhmvv-toplas-2019,
author = {Berger, Emery D. and Hollenbeck, Celeste and Maj, Petr and Vitek, Olga and Vitek, Jan},
title = {On the Impact of Programming Languages on Code Quality: A Reproduction Study},
year = {2019},
publisher = {{ACM}},
volume = {41},
number = {4},
doi = {10.1145/3340571},
journal = {Transactions on Programming Languages and Systems},
articleno = {21},
numpages = {24},
}

@inproceedings{rpfd-fse-2014,
author = {Ray, Baishakhi and Posnett, Daryl and Filkov, Vladimir and Devanbu, Premkumar},
title = {A Large Scale Study of Programming Languages and Code Quality in {GitHub}},
publisher = {{ACM}},
doi = {10.1145/2635868.2635922},
booktitle = {{FSE}},
pages = {155--165},
year = {2014}
}

@misc{pyright-github-2022,
	author = {Eric Traut and Dmitry Volodin and Jelle Zijlstra and Erik De Bonte and Christian Clauss},
	title = {Differences Between Pyright and Mypy: Variable Type Declarations},
	howpublished = {\url{https://github.com/microsoft/pyright/blob/main/docs/mypy-comparison.md\#variable-type-declarations}},
	year = {2022},
	note = {Accessed 2024-01-08},
}

@misc{b-pluggable-2004,
  author={Gilad Bracha},
  title={Pluggable Type Systems},
  url={https://www.bracha.org/pluggableTypesPosition.pdf},
  year={2004},
  note ={Accessed 2024-07-01}
}

@inproceedings{bat-ecoop-2014,
  author={Gavin Bierman and Martin Abadi and Mads Torgersen},
  title={Understanding {TypeScript}},
  booktitle={{ECOOP}},
  publisher={{ACM}},
  pages={257--281},
  doi={10.1007/978-3-662-44202-9_11},
  year={2014}
}

@techreport{hoare1973hints,
  title={Hints on Programming Language Design},
  author={Hoare, Charles A.},
  year={1973},
  doi={10.5555/892013},
  url={},
  institution={Stanford University}
}

@inbook{h-hints-1989,
  title = {Hints on Programming-Language Design},
  author={Hoare, Charles A.},
  year = {1989},
  isbn = {0132840278},
  pages = {193--216},
  publisher = {Prentice-Hall},
  booktitle = {Essays in Computing Science}
}

@article{m-jcss-1978,
  author="Robin Milner",
  title="A Theory of Type Polymorphism in Programming",
  journal=jcss,
  pages="348--375",
  number=3,
  volume=17,
  year=1978
}

@misc{h-icfp-keynote,
author = {Anders Hejlsberg},
title = {{TypeScript}: Static Types for {JavaScript}},
url = {https://icfp23.sigplan.org/details/icfp-2023-icfp-keynotes/52/TypeScript-Static-types-for-JavaScript},
urldate = {2023-10-09},
year = {2023}
}

@misc{pep484,
  author={{van Rossum}, Guido and Jukka Lehtosalo and \L{}ukasz Langa},
  title={{PEP 484} Type Hints},
  url={https://www.python.org/dev/peps/pep-0484},
  year={2024},
  urldate={2024-05-17}
}

@inproceedings{st-sfp-2006,
  title="Gradual Typing for Functional Languages",
  author={Jeremy G. Siek and Walid Taha},
  booktitle={{SFP}. University of Chicago, {TR-2006-06}},
  pages={81--92},
  url={http://scheme2006.cs.uchicago.edu/scheme2006.pdf},
  year={2006}
}

@inproceedings{svcb-snapl-2015,
  author={Jeremy G. Siek and Michael M. Vitousek and Matteo Cimini and John Tang Boyland},
  title="Refined Criteria for Gradual Typing",
  doi       = {10.4230/LIPIcs.SNAPL.2015.274},
  booktitle={{SNAPL}},
  pages="274--293",
  year=2015
}

@article{mf-toplas-2009,
  author={Jacob Matthews and Robert Bruce Findler},
    doi       = {10.1145/1498926.1498930},
  title={Operational Semantics for Multi-Language Programs},
  journal = {Transactions on Programming Languages and Systems},
  volume=31,
  number=3,
  pages="1--44",
  year=2009
}

@inproceedings{tf-dls-2006,
  author="Sam Tobin-Hochstadt and Matthias Felleisen",
  title="Interlanguage Migration: from Scripts to Programs",
    doi       = {10.1145/1176617.1176755},
  booktitle={{DLS}},
  pages="964--974",
  year=2006
}

@article{gtnffvf-jfp-2019,
  author={Greenman, Ben and Takikawa, Asumu and New, Max S. and Feltey, Daniel and Findler, Robert Bruce and Vitek, Jan and Felleisen, Matthias},
  title={How to Evaluate the Performance of Gradual Type Systems},
  journal={Journal of Functional Programming},
  volume={29},
  number={e4},
  year={2019},
    doi       = {10.1145/3473573},
  pages={1--45}
}

@inproceedings{vss-popl-2017,
  author={Michael M. Vitousek and Cameron Swords and Jeremy G. Siek},
  title={Big Types in Little Runtime: Open-World Soundness and Collaborative Blame for Gradual Type Systems},
  doi       = {10.1145/3009837.3009849},
  booktitle={{POPL}},
  pages="762--774",
  year=2017
}

@article{sclz-jfp-2024,
  author       = {Chenghao Su and Lin Chen and Yanhui Li and Yuming Zhou},
  title        = {Static Blame for Gradual Typing},
  journal      = {Journal of Functional Programming},
  volume       = {34},
  number={e4},
  numpages={44},
  doi          = {10.1017/S0956796824000029},
  year         = {2024}
}

@article{mt-oopsla-2017,
  author="Fabian Muehlboeck and Ross Tate",
  title="Sound Gradual Typing is Nominally Alive and Well",
  journal={{PACMPL}},
  volume={1},
  doi       = {10.1145/3133880},
  number={{OOPSLA}},
  pages="56:1--56:30",
  year={2017}
}

@article{bbst-oopsla-2017,
 author = {Bauman, Spenser and Bolz-Tereick, Carl Friedrich and Siek, Jeremy and Tobin-Hochstadt, Sam},
 title = {Sound Gradual Typing: {o}nly Mostly Dead},
 journal = {{PACMPL}},
 volume = {1},
 number = {{OOPSLA}},
 pages = {54:1--54:24},
 doi       = {10.1145/3133878},
 year=2017
}

@inproceedings{kas-pldi-2019,
  author={Andre Kuhlenschmidt and Deyaaeldeen Almahallawi and Siek, Jeremy G.},
  title={Toward Efficient Gradual Typing for Structural Types via Coercions},
  booktitle={{PLDI}},
  pages={517--532},
  doi       = {10.1145/3314221.3314627},
  year={2019}
}

@article{gdf-toplas-2023,
  author={Ben Greenman and Christos Dimoulas and Matthias Felleisen},
  title={Typed--Untyped Interactions: A Comparative Analysis},
  journal={{TOPLAS}},
  volume={45},
  issue={1},
  number={4},
  pages={1--54},
  doi={10.1145/3579833},
  year={2023}
}

@inproceedings{wzlov-popl-2010,
  author="Tobias Wrigstad and Zappa Nardelli, Francesco and Sylvain Lebresne and Johan {\" O}stlund and Jan Vitek",
  title="Integrating Typed and Untyped Code in a Scripting Language",
  doi       = {10.1145/1706299.1706343},
  booktitle={{POPL}},
  pages="377--388",
  year=2010
}

@article{fgsfs-oopsla-2018,
 author = {Daniel Feltey and Ben Greenman and Christophe Scholliers and Robert Bruce Findler and Vincent St-Amour},
 title = {Collapsible Contracts: Fixing a Pathology of Gradual Typing},
   doi       = {10.1145/3276503},
 journal = {{PACMPL}},
 volume = {2},
 number = {{OOPSLA}},
 pages = {133:1--133:27},
 year={2018}
}

@inproceedings{gm-pepm-2018,
  author={Greenman, Ben and Migeed, Zeina},
  title={On the Cost of Type-Tag Soundness},
  booktitle={{PEPM}},
  pages={30--39},
  doi={10.1145/3162066},
  year=2018
}

@inproceedings{g-pldi-2022,
  title={Deep and Shallow Types for Gradual Languages},
  author={Ben Greenman},
  booktitle={{PLDI}},
  pages={580--593},
  doi={10.1145/3519939.3523430},
  year={2022}
}

@misc{mypy,
  author={{Mypy Team}},
  title={Mypy Language},
  url={http://www.mypy-lang.org},
  year={2024},
  urldate={2024-05-17}
}

@misc{mypy-v1,
  author={{Mypy Team}},
  title={Mypy 1.0 Released},
  url={https://mypy-lang.blogspot.com/2023/02/mypy-10-released.html},
  year={2023},
  urldate={2024-07-01}
}

@misc{mypyc,
  author={Mypyc Team},
  title={Mypyc Language},
  url={https://github.com/mypyc/mypyc},
  year={2024},
  urldate={2024-05-17}
}

@misc{dropbox-mypy,
  author={Jukka Lehtosalo},
  title={Our Journey to Checking 4 Million Lines of Python},
  url={https://dropbox.tech/application/our-journey-to-type-checking-4-million-lines-of-python},
  urldate={2023-10-12},
  year={2019}
}

@misc{agithub,
  author={Mozilla},
  title={The Agnostic {GitHub API}},
  url={https://github.com/mozilla/agithub},
  year={2022},
  urldate={2024-05-17}
}

@inproceedings{tf-icfp-2010,
  author = {Tobin-Hochstadt, Sam and Felleisen, Matthias},
  title = {Logical Types for Untyped Languages},
  booktitle = {{ICFP}},
  pages = {117--128},
    doi       = {10.1145/1863543.1863561},
year = {2010}
}

@article{clnl-popl-2022,
  author       = {Giuseppe Castagna and Micka{\"{e}}l Laurent and Kim Nguyen and Matthew Lutze},
  title        = {On Type-Cases, Union Elimination, and Occurrence Typing},
  journal      = {{PACMPL}},
  volume       = {6},
  number       = {{POPL}},
  pages        = {1--31},
  doi          = {10.1145/3498674},
  year         = {2022}
}

@article{gv-oopsla-2019,
  author    = {Aviral Goel and Jan Vitek},
  title     = {On the Design, Implementation, and Use of Laziness in {R}},
  journal   = {{PACMPL}},
  volume    = {3},
  number    = {{OOPSLA}},
  pages     = {153:1--153:27},
  year      = {2019},
}

@article{rdf-arxiv-2019,
  author       = {Baishakhi Ray and Prem Devanbu and Vladimir Filkov},
  title        = {Rebuttal to {Berger} et al., {TOPLAS} 2019},
  journal      = {CoRR},
  volume       = {abs/1911.07393},
  eprinttype    = {arXiv},
  eprint       = {1911.07393},
  year         = {2019}
}

@article{bmvv-arxiv-2019,
  author       = {Emery D. Berger and Petr Maj and Olga Vitek and Jan Vitek},
  title        = {{FSE/CACM} Rebuttal\({}^{\mbox{2}}\): Correcting {A} Large-Scale Study of Programming Languages and Code Quality in {GitHub}},
  journal      = {CoRR},
  volume       = {abs/1911.11894},
  url          = {http://arxiv.org/abs/1911.11894},
  eprinttype    = {arXiv},
  eprint       = {1911.11894},
  year         = {2019}
}

@article{gsnk-pj-2024,
  author={Ben Greenman and Alan Jeffrey and Shriram Krishnamurthi and Mitesh Shah},
  title={Privacy-Respecting Type Error Telemetry at Scale},
  journal={{Programming}},
  volume={8},
  number={3},
  doi={10.22152/programming-journal.org/2024/8/12},
  pages={12:1--12:30},
  year={2024}
}

@misc{transparent-telemetry,
  title={Transparent Telemetry, Part 1},
  author={Russ Cox},
  url={https://research.swtch.com/telemetry-intro},
  note ={Accessed 2024-07-01},
  year={2023}
}

@inproceedings{hlzbr-ecoop-2021,
  author       = {Yu Hao and Sufian Latif and Hailong Zhang and Raef Bassily and Atanas Rountev},
  title        = {Differential Privacy for Coverage Analysis of Software Traces},
  booktitle    = {{ECOOP}},
  volume       = {194},
  pages        = {8:1--8:25},
  publisher    = {Schloss Dagstuhl},
  doi          = {10.4230/LIPIcs.ECOOP.2021.8},
  year         = {2021}
}

@article{zhlbr-oopsla-2020,
author       = {Hailong Zhang and Yu Hao and Sufian Latif and Raef Bassily and Atanas Rountev},
title        = {Differentially-Private Software Frequency Profiling Under Linear Constraints},
journal      = {{PACMPL}},
volume       = {4},
number       = {{OOPSLA}},
pages        = {203:1--203:24},
doi          = {10.1145/3428271},
year         = {2020}
}

@article{r-cs-1981,
  author    = {Phyllis Reisner},
  title     = {Human Factors Studies of Database Query Languages: {A} Survey and Assessment},
  journal   = {{ACM} Computing Surveys},
  volume    = {13},
  number    = {1},
  pages     = {13--31},
  doi       = {10.1145/356835.356837},
  year      = {1981}
}

@inproceedings{gcdph-icse-2024,
author = {Goldstein, Harrison and Cutler, Joseph W. and Dickstein, Daniel and Pierce, Benjamin C. and Head, Andrew},
title = {Property-Based Testing in Practice},
year = {2024},
publisher = {{ACM}},
doi = {10.1145/3597503.3639581},
booktitle = {{ICSE}},
articleno = {187},
numpages = {13},
}

@article{cams-oopsla-2020,
  author       = {Michael J. Coblenz and Jonathan Aldrich and Brad A. Myers and Joshua Sunshine},
  title        = {Can Advanced Type Systems be Usable? An Empirical Study of Ownership, Assets, and Typestate in {Obsidian}},
  journal      = {{PACMPL}},
  volume       = {4},
  number       = {{OOPSLA}},
  pages        = {132:1--132:28},
  doi          = {10.1145/3428200},
  year         = {2020}
}

@inproceedings{cmh-icse-2022,
  author       = {Michael Coblenz and Michelle L. Mazurek and Michael Hicks},
  title        = {Garbage Collection Makes {Rust} Easier to Use: {A} Randomized Controlled Trial of the {Bronze} Garbage Collector},
  booktitle    = {{ICSE}},
  pages        = {1021--1032},
  publisher    = {{ACM}},
  doi          = {10.1145/3510003.3510107},
  year         = {2022}
}

@inproceedings{rhg-icse-2023,
  author       = {Jan Reichl and Stefan Hanenberg and Volker Gruhn},
  title        = {Does the Stream {API} Benefit from Special Debugging Facilities? {A} Controlled Experiment on Loops and Streams with Specific Debuggers},
  booktitle    = {{ICSE}},
  pages        = {576--588},
  publisher    = {{IEEE}},
  doi          = {10.1109/ICSE48619.2023.00058},
  year         = {2023}
}

@inproceedings{tgpk-dls-2018,
  author={Tunnell Wilson, Preston and Greenman, Ben and Pombrio, Justin and Krishnamurthi, Shriram},
  title={The Behavior of Gradual Types: {a} User Study},
  booktitle={{DLS}},
  pages={1--12},
    doi       = {10.1145/3276945.3276947},
  year={2018}
}

@article{bjp-oopsla-2023,
  author       = {Shraddha Barke and Michael B. James and Nadia Polikarpova},
  title        = {Grounded {Copilot}: How Programmers Interact with Code-Generating Models},
  journal      = {{PACMPL}},
  publisher = {{ACM}},
  volume       = {7},
  number = {{OOPSLA}},
  doi          = {10.1145/3586030},
  pages = {85--111},
  year         = {2023}
}

@article{lkft-icfp-2023,
author = {Lu, Kuang-Chen and Krishnamurthi, Shriram and Fisler, Kathi and Tshukudu, Ethel},
title = {What Happens When Students Switch (Functional) Languages (Experience Report)},
year = {2023},
publisher = {{ACM}},
volume = {7},
number = {{ICFP}},
doi = {10.1145/3607857},
journal = {{PACMPL}},
articleno = {215},
numpages = {17},
}

@article{rswhbgkmfs-spe-2023,
  author       = {Nico Ritschel and Anand Ashok Sawant and David Weintrop and Reid Holmes and Alberto Bacchelli and Ronald Garcia and Chandrika K. R. and Avijit Mandal and Patrick Francis and David C. Shepherd},
  title        = {Training Industrial End-User Programmers with Interactive Tutorials},
  journal      = {Software: Practice and Experience},
  volume       = {53},
  number       = {3},
  pages        = {729--747},
  doi          = {10.1002/SPE.3167},
  year         = {2023}
}

@inproceedings{blpgz-icse-2016,
  author       = {Moritz Beller and Igor Levaja and Annibale Panichella and Georgios Gousios and Andy Zaidman},
  title        = {How to Catch 'Em All: {WatchDog}, a Family of {IDE} Plug-Ins to Assess Testing},
  booktitle    = {{ICSE}},
  pages        = {53--56},
  publisher    = {{ACM}},
  doi          = {10.1145/2897022.2897027},
  year         = {2016}
}

@article{sjw-jfp-2018,
  author       = {Eric L. Seidel and Ranjit Jhala and Westley Weimer},
  title        = {Dynamic Witnesses for Static Type Errors (or, Ill-Typed Programs Usually Go Wrong)},
  journal      = {{Journal of Functional Programming}},
  volume       = {28},
  pages        = {e13},
  doi          = {10.1017/S0956796818000126},
  year         = {2018}
}

@article{bgimgm-cse-2016,
  author       = {Brett A. Becker and Graham Glanville and Ricardo Iwashima and Claire McDonnell and Kyle Goslin and Catherine Mooney},
  title        = {Effective Compiler Error Message Enhancement for Novice Programming Students},
  journal      = {Computer Science Education},
  volume       = {26},
  number       = {2-3},
  pages        = {148--175},
  doi          = {10.1080/08993408.2016.1225464},
  year         = {2016}
}

@inproceedings{ab-sigcse-2015,
  author       = {Amjad AlTadmri and Neil C. C. Brown},
  title        = {37 Million Compilations: Investigating Novice Programming Mistakes in Large-Scale Student Data},
  booktitle    = {{SIGCSE}},
  pages        = {522--527},
  publisher    = {{ACM}},
  doi          = {10.1145/2676723.2677258},
  year         = {2015}
}

@inproceedings{bask-icer-2018,
  author       = {Brown, Neil C. C. and Amjad AlTadmri and Sue Sentance and Michael K{\"{o}}lling},
  title        = {{Blackbox}, Five Years On: An Evaluation of a Large-scale Programming Data Collection Project},
  booktitle    = {{ICER}},
  pages        = {196--204},
  publisher    = {{ACM}},
  doi          = {10.1145/3230977.3230991},
  year         = {2018}
}

@inproceedings{stf-esop-2009,
  title={Practical Variable-Arity Polymorphism},
  author={Strickland, T. Stephen and Sam Tobin-Hochstadt and Matthias Felleisen},
  booktitle={{ESOP}},
  pages={32--46},
  doi={10.1007/978-3-642-00590-9_3},
  year={2009}
}

@inproceedings{ew-haskell-2012,
  author       = {Richard A. Eisenberg and Stephanie Weirich},
  title        = {Dependently Typed Programming with Singletons},
  booktitle    = {{Haskell}},
  pages        = {117--130},
  publisher    = {{ACM}},
  doi          = {10.1145/2364506.2364522},
  year         = {2012}
}

@inproceedings{tf-popl-2008,
  author="Sam Tobin-Hochstadt and Matthias Felleisen",
  title="The Design and Implementation of {Typed Scheme}",
  booktitle={{POPL}},
  pages="395--406",
  doi          = {10.1145/1328438.1328486},
  year=2008
}

@article{cdv-pj-2024,
  author       = {Giuseppe Castagna and Guillaume Duboc and Jos{\'{e}} Valim},
  title        = {The Design Principles of the {Elixir} Type System},
  journal      = {Programming},
  volume       = {8},
  number       = {2},
  doi          = {10.22152/PROGRAMMING-JOURNAL.ORG/2024/8/4},
  year         = {2024}
}

@misc{tskeyof,
  author={{T}ype{S}cript {D}evelopers},
  title={{Keyof} Type Operator},
  note={Accessed 2024-07-01},
  url={https://www.typescriptlang.org/docs/handbook/2/keyof-types.html},
  year={2024}
}

@inproceedings{kkt-pldi-2016,
  author       = {Andrew M. Kent and David Kempe and Sam Tobin{-}Hochstadt},
  title        = {Occurrence Typing Modulo Theories},
  booktitle    = {{PLDI}},
  pages        = {296--309},
  publisher    = {{ACM}},
  doi          = {10.1145/2908080.2908091},
  year         = {2016}
}

@phdthesis{v-dissertation-2016,
  author       = {Niki Vazou},
  title        = {Liquid Haskell: Haskell as a Theorem Prover},
  school       = {University of California, San Diego, {USA}},
  year         = {2016},
  url          = {http://www.escholarship.org/uc/item/8dm057ws},
  timestamp    = {Tue, 16 May 2017 17:36:05 +0200},
  biburl       = {https://dblp.org/rec/phd/basesearch/Vazou16.bib},
  bibsource    = {dblp computer science bibliography, https://dblp.org}
}

@inproceedings{wcfg-ecoop-2024,
  author       = {Ashton Wiersdorf and Stephen Chang and Matthias Felleisen and Ben Greenman},
  title        = {Type Tailoring},
  booktitle    = {{ECOOP}},
  pages        = {(to appear)},
  publisher    = {Schloss Dagstuhl},
  year         = {2024}
}

@article{hfs-oopsla-2022,
  author       = {Joshua Hoeflich and Robert Bruce Findler and Manuel Serrano},
  title        = {Highly illogical, {Kirk}: spotting type mismatches in the large despite broken contracts, unsound types, and too many linters},
  journal      = {{PACMPL}},
  volume       = {6},
  number       = {{OOPSLA2}},
  pages        = {479--504},
  doi          = {10.1145/3563305},
  year         = {2022}
}

@misc{ats_pr,
  author={Dibri Nsofor},
  title={Any Type Summary Telemetry},
  url={https://github.rbx.com/GameEngine/game-engine/pull/81352},
  note={Accessed 2024-08-03},
  year={2024}
}

@misc{luau_lang,
  author={Roblox},
  title={Luau Language},
  url={https://luau-lang.org/},
  note={Accessed 2024-08-03},
  year={2024}
}

@misc{typing_guide,
  author={Roblox},
  title={Luau Typing Guide},
  url={https://dibri.notion.site/5135884d817a48e5978aa8ef121e9991?v=8eff032c462449bdb58f1899f1e5b9de&pvs=74},
  note={Accessed 2024-08-03},
  year={2024}
}

@misc{luau_analysis_script,
  author={Roblox},
  title={Support scripts to analyze Telemtry data and the supporting data},
  url={https://github.rbx.com/dnsofor/ats-analysis},
  note={Accessed 2024-08-03},
  year={2024}
}

